../../../../refs/bach_2024_learning.bib