../../../../refs/lindholm_2022_smlbook.bib