../../../../refs/sutton_2018_irl.bib