@misc{zheng_2020_aieconomist,
  title         = {The AI Economist: Improving Equality and Productivity with AI-Driven Tax Policies},
  author        = {Stephan Zheng and Alexander Trott and Sunil Srinivasa and Nikhil Naik and Melvin Gruesbeck and David C. Parkes and Richard Socher},
  year          = {2020},
  eprint        = {2004.13332},
  archiveprefix = {arXiv},
  primaryclass  = {econ.GN},
  url           = {https://arxiv.org/abs/2004.13332}
}
